% This file was created with JabRef 2.10b2.
% Encoding: UTF-8

\thispagestyle{empty}

@Book{Referencia1,
  Title                    = {Nombre de publicación 1, ya sea un libro, artículo, etc},
  Author                   = {Nombre del man 1},
  Publisher                = {Universidad o lugar donde se escribió},
  Year                     = {Año},

  Owner                    = {Diego Ríos},
  Timestamp                = {2017.04.19}
}

@Book{Referencia2,
  Title                    = {Nombre de publicación 2, ya sea libro, artículo, etc},
  Author                   = {Nombre del man 2},
  Publisher                = {Universidad o lugar donde se escribió},
  Year                     = {Año},

  Owner                    = {Diego Ríos},
  Timestamp                = {2017.04.19}
}

@comment{jabref-meta: selector_keywords:}

@comment{jabref-meta: selector_journal:}

@comment{jabref-meta: selector_publisher:}

@comment{jabref-meta: selector_author:}